@inproceedings{joulani2013online,
  title={Online learning under delayed feedback},
  author={Joulani, Pooria and Gyorgy, Andras and Szepesv{\'a}ri, Csaba},
  booktitle={International Conference on Machine Learning},
  pages={1453--1461},
  year={2013}
}

@article{audibert2009exploration,
  title={Exploration--exploitation tradeoff using variance estimates in multi-armed bandits},
  author={Audibert, Jean-Yves and Munos, R{\'e}mi and Szepesv{\'a}ri, Csaba},
  journal={Theoretical Computer Science},
  volume={410},
  number={19},
  pages={1876--1902},
  year={2009},
  publisher={Elsevier}
}

@article{riquelme2018deep,
  title={Deep bayesian bandits showdown: An empirical comparison of bayesian deep networks for thompson sampling},
  author={Riquelme, Carlos and Tucker, George and Snoek, Jasper},
  journal={arXiv preprint arXiv:1802.09127},
  year={2018}
}

@inproceedings{chapelle2011empirical,
  title={An empirical evaluation of thompson sampling},
  author={Chapelle, Olivier and Li, Lihong},
  booktitle={Advances in neural information processing systems},
  pages={2249--2257},
  year={2011}
}

@inproceedings{garivier2011kl,
  title={The KL-UCB algorithm for bounded stochastic bandits and beyond},
  author={Garivier, Aur{\'e}lien and Capp{\'e}, Olivier},
  booktitle={Proceedings of the 24th annual conference on learning theory},
  pages={359--376},
  year={2011}
}

@inproceedings{karnin2013almost,
  title={Almost optimal exploration in multi-armed bandits},
  author={Karnin, Zohar and Koren, Tomer and Somekh, Oren},
  booktitle={International Conference on Machine Learning},
  pages={1238--1246},
  year={2013}
}

@inproceedings{agrawal2012analysis,
  title={Analysis of thompson sampling for the multi-armed bandit problem},
  author={Agrawal, Shipra and Goyal, Navin},
  booktitle={Conference on learning theory},
  pages={39--1},
  year={2012}
}

@inproceedings{kaufmann2012thompson,
  title={Thompson sampling: An asymptotically optimal finite-time analysis},
  author={Kaufmann, Emilie and Korda, Nathaniel and Munos, R{\'e}mi},
  booktitle={International conference on algorithmic learning theory},
  pages={199--213},
  year={2012},
  organization={Springer}
}

@article{ferreira2018online,
  title={Online network revenue management using thompson sampling},
  author={Ferreira, Kris Johnson and Simchi-Levi, David and Wang, He},
  journal={Operations research},
  volume={66},
  number={6},
  pages={1586--1602},
  year={2018},
  publisher={INFORMS}
}

@book{gelman2013bayesian,
  title={Bayesian data analysis},
  author={Gelman, Andrew and Carlin, John B and Stern, Hal S and Dunson, David B and Vehtari, Aki and Rubin, Donald B},
  year={2013},
  publisher={CRC press}
}

@article{polson2013bayesian,
  title={Bayesian inference for logistic models using P{\'o}lya--Gamma latent variables},
  author={Polson, Nicholas G and Scott, James G and Windle, Jesse},
  journal={Journal of the American statistical Association},
  volume={108},
  number={504},
  pages={1339--1349},
  year={2013},
  publisher={Taylor \& Francis}
}

@inproceedings{dumitrascu2018pg,
  title={PG-TS: Improved Thompson sampling for logistic contextual bandits},
  author={Dumitrascu, Bianca and Feng, Karen and Engelhardt, Barbara},
  booktitle={Advances in neural information processing systems},
  pages={4624--4633},
  year={2018}
}

@Unpublished{makalicpkg,
title = {High-Dimensional {B}ayesian Regularised Regression with
    the BayesReg Package},
author = {Enes Makalic and Daniel Schmidt},
note = {arXiv:1611.06649v3},
}

@article{choi2017analysis,
  title={Analysis of Polya-Gamma Gibbs sampler for Bayesian logistic analysis of variance},
  author={Choi, Hee Min and Rom{\'a}n, Jorge Carlos and others},
  journal={Electronic Journal of Statistics},
  volume={11},
  number={1},
  pages={326--337},
  year={2017},
  publisher={The Institute of Mathematical Statistics and the Bernoulli Society}
}

@article{dube2019personalized,
  title={Personalized pricing and customer welfare},
  author={Dub{\'e}, Jean-Pierre and Misra, Sanjog},
  journal={Chicago Booth School of Business Working Paper},
  year={2019}
}

@article{vinod2018approach,
  title={An approach to offer management: maximizing sales with fare products and ancillaries},
  author={Vinod, Ben and Ratliff, Richard and Jayaram, Vikram},
  journal={Journal of Revenue and Pricing Management},
  volume={17},
  number={2},
  pages={91--101},
  year={2018},
  publisher={Springer}
}

@article{green2001thirty,
  title={Thirty years of conjoint analysis: Reflections and prospects},
  author={Green, Paul E and Krieger, Abba M and Wind, Yoram},
  journal={Interfaces},
  volume={31},
  number={3\_supplement},
  pages={S56--S73},
  year={2001},
  publisher={INFORMS}
}

@article{whittle1980multi,
  title={Multi-armed bandits and the Gittins index},
  author={Whittle, Peter},
  journal={Journal of the Royal Statistical Society: Series B (Methodological)},
  volume={42},
  number={2},
  pages={143--149},
  year={1980},
  publisher={Wiley Online Library}
}

@inproceedings{li2010contextual,
  title={A contextual-bandit approach to personalized news article recommendation},
  author={Li, Lihong and Chu, Wei and Langford, John and Schapire, Robert E},
  booktitle={Proceedings of the 19th international conference on World wide web},
  pages={661--670},
  year={2010}
}
